@inbook{minjerk,
  title={The computational neurobiology of reaching and pointing: a foundation for motor learning},
  author={Shadmehr, Reza},
  chapter={18.2.1},
  url={http://www.shadmehrlab.org/book/minimumjerk.pdf}
}

@inbook{acrl,
  title={Adaptive Control and Reinforcement Learning Scribe Notes},
  url="https://www.dropbox.com/sh/6xpydhre4zqa2oi/AACF_hiHGo8j-g7O31M1krsLa?dl=0"
}
